3090 4958
457 630 585 740 dua
624 631 751 740 ARS
789 632 1088 742 PICTURAE

738 960 808 998 APUD

213 1200 454 1283 ITALOS
498 1204 619 1283 XVI
664 1203 917 1287 SAECULI
963 1205 1329 1287 DECIDERIT

590 1903 732 2022 uurnr
759 1950 944 2022 rnruuu.

380 2257 424 2306 DE
450 2255 576 2307 innare
604 2256 638 2307 IN
665 2255 794 2307 rudtrud
821 2254 929 2306 danna
955 2255 1149 2308 insensato,

257 2548 495 2637 ingenuarum
519 2549 649 2619 artium
671 2547 811 2618 ruinam
833 2566 854 2617 a
874 2547 1055 2618 cummuni
1076 2549 1185 2619 totius
1202 2550 1327 2619 huma-

209 2663 331 2734 nitatis
352 2682 456 2734 nursu
479 2665 635 2753 pendere
652 2664 739 2735 satis
760 2671 898 2734 constat
918 2663 1119 2734 :addamus
1140 2665 1233 2735 hana
1253 2666 1325 2734 rui-

208 2796 289 2847 nani
319 2797 361 2848 ex
387 2778 465 2868 ipsu
494 2778 719 2868 ingeniorum
747 2796 936 2868 progressu
966 2779 1177 2867 pierumque
1199 2779 1323 2868 seqni;

207 2893 305 2982 quud
322 2895 466 2983 quidem
489 2895 590 2965 nuile
607 2894 713 2965 medo
734 2894 910 2977 mirabile,
934 2912 999 2964 nee
1018 2901 1057 2964 ut
1077 2893 1179 2965 aiunt
1199 2895 1323 2978 Graeei,

206 3003 375 3101 παράδοξον
397 3009 602 3080 habendum
628 3018 695 3081 est.
724 3008 930 3080 absurdum
956 3005 1042 3078 san'e
1064 3009 1243 3097 judicabis
1264 3009 1325 3098 qui

208 3119 355 3212 prorsus
377 3131 410 3193 et
425 3121 588 3194 absolute
606 3123 797 3194 contendat
813 3123 1015 3193 intellectus
1032 3123 1164 3193 auitum
1185 3124 1327 3194 obstare

207 3239 336 3309 artiurn
371 3240 589 3311 incremento
621 3266 629 3310 :
659 3240 797 3311 nulturn
830 3239 925 3309 enirn
959 3239 1121 3309 invenias
1158 3239 1325 3310 decorum

207 3372 297 3443 opus
320 3354 425 3444 quin,
451 3355 561 3426 invita
582 3357 687 3427 etiarn
709 3355 861 3430 artifice,
885 3354 1067 3425 intellectu
1087 3354 1230 3444 fulgeat..
1252 3355 1323 3425 Nn-

208 3477 281 3540 turn
312 3477 365 3540 est
396 3470 526 3540 Plotini
550 3471 692 3542 effatum
728 3497 743 3533 r
769 3471 957 3560 pulchrum
989 3488 1068 3541 esse
1096 3470 1324 3559 splendorem

208 3585 293 3654 veri.
324 3611 338 3647 r
365 3583 557 3665 Caeterum,
581 3587 818 3677 intelligentia
838 3604 984 3656 sensurn
1007 3585 1228 3664 illustrante,
1252 3587 1322 3656 eia·

208 3700 352 3770 rissirna
368 3700 512 3790 ingenia
533 3703 758 3792 propriarum
782 3701 851 3772 sibi
869 3701 1006 3772 dotium
1023 3701 1166 3771 enrrsuia
1185 3718 1326 3790 semper
1409 3734 1414 3748 =

206 3813 317 3886 fuere.

256 3931 339 4012 Sed,
359 3932 396 4001 in
414 3933 623 4006 hominihus
641 3935 769 4006 natura
786 3930 911 4024 parurn
929 3931 1079 4002 munitis
1096 3939 1130 4003 et
1143 3931 1322 4022 perfertis,
1390 4019 1393 4024 .

206 4045 284 4135 ipsa
320 4047 557 4140 intelligentia
582 4051 619 4119 in
652 4051 766 4120 lunum
806 4048 958 4139 pectoris
989 4048 1136 4136 irrepit,
1177 4064 1324 4117 sensum

206 4160 363 4233 obruens
380 4183 422 4235 ex
444 4183 515 4253 quo
535 4185 593 4236 ars
619 4166 801 4237 materiam
828 4182 929 4234 suarn
955 4163 1081 4246 trahit,
1106 4161 1326 4250 affectusque

207 4276 318 4346 anirni
341 4278 455 4350 nitere
472 4282 571 4350 omni
589 4289 622 4352 et
641 4282 764 4351 innata
782 4278 1002 4369 ingenuitate
1023 4277 1237 4348 destituens.
1261 4277 1325 4346 iila

206 4407 355 4492 sensum
384 4394 441 4464 vir
468 4404 591 4467 natum
620 4395 751 4488 exeipit
777 4412 818 4465 ae
841 4391 1090 4484 reprehendit,
1117 4389 1264 4463 discutit
1291 4398 1325 4462 et
