3090 4958
586 335 742 393 -1q.-

109 470 291 558 palpebrae
308 468 485 564 infixam).
516 496 530 533 a
552 471 666 542 Idea»
693 471 754 542 iila
775 489 816 541 er
837 471 993 561 imagine
1014 472 1121 554 certa,
1144 489 1226 561 quae

103 585 196 672 jacet
214 593 297 656 ante
312 583 458 655 artificis
475 586 610 666 oculos,
634 586 789 666 eminet;
807 587 870 681 iiia
885 593 938 656 est
958 585 1142 657 conversio
1157 583 1222 669 rei,

108 706 142 769 et
163 700 267 789 quasi
288 702 418 790 speciei
438 702 761 791 metamorphosis;
791 721 863 772 non
884 710 939 773 est
961 703 1004 774 de
1032 702 1225 792 improviso

109 832 226 903 neque
251 833 291 885 ex
322 816 472 886 libidine
501 825 640 895 creata;
672 817 735 888 sed
762 817 946 887 laborante
973 817 1135 907 ingenio,
1168 835 1225 887 se-

108 926 264 1000 cundum
286 932 469 1020 proposita
489 933 526 1001 in
546 941 755 1022 argumento
775 934 887 1023 signa.

34 1106 45 1112 ,
158 1044 268 1115 Aliter
297 1047 575 1137 Michetangelus
609 1073 616 1116 :
652 1048 718 1119 iste
748 1047 893 1136 quidem
923 1054 1084 1118 naturam
1116 1048 1223 1118 vehe-

109 1167 248 1230 menter
262 1161 440 1250 inspicere
454 1163 578 1252 cmpit,
600 1162 663 1234 sed
682 1165 723 1233 ea
740 1170 858 1234 mente
873 1169 912 1233 ut
928 1162 1073 1244 foedera,
1093 1163 1227 1252 quihus
1280 1239 1281 1242 a

108 1292 232 1364 parere
252 1294 308 1347 res
335 1278 513 1357 videntur,
536 1279 754 1350 discerneret
774 1286 808 1349 et
831 1279 1032 1368 attingeret.
1055 1279 1223 1349 Naturam

109 1391 252 1462 demum
275 1395 483 1477 contemnit,
507 1403 541 1465 et
559 1395 655 1465 omni
679 1395 784 1466 modo
806 1402 954 1465 conatur
978 1402 1017 1465 ut
1042 1394 1119 1484 eJus
1139 1395 1224 1484 jugo

109 1526 147 1578 se
178 1508 321 1589 liberet,
357 1509 447 1579 nihii
474 1511 572 1582 aliud
601 1529 643 1581 en
673 1513 714 1581 ea
743 1529 908 1599 quaerens
931 1509 999 1581 nisi
1025 1516 1063 1580 ut
1091 1510 1224 1580 instru-

109 1630 267 1695 mentum
286 1625 491 1714 cogitationi
514 1625 686 1714 praebeat.
705 1626 795 1697 Vitae
810 1623 1125 1708 machinationem,
1149 1624 1226 1694 iun·

108 1736 204 1810 ditus
225 1748 445 1829 perspectam
467 1748 501 1811 et
524 1749 658 1820 notam,
683 1741 728 1812 ad
749 1760 835 1812 usus
856 1760 954 1821 suos,
974 1739 1122 1810 arbitrio
1143 1758 1222 1822 suo,

108 1861 251 1944 torquet
270 1864 304 1927 ct
326 1856 582 1939 accommodat,
610 1865 644 1927 et
674 1854 853 1927 interdurn
880 1857 1144 1945 inexspectatus
1170 1855 1221 1925 ai-

108 1969 220 2040 iectus
241 1970 415 2059 perhanc
435 1972 526 2041 viam
548 1974 726 2061 impetrat.
746 1972 897 2042 Subtiiis
918 1988 1104 2060 corporum
1127 1987 1225 2059 spec·

109 2092 212 2166 tator,
235 2088 388 2176 speciem
421 2115 435 2150 r
463 2088 627 2158 Hominis
656 2116 670 2149 1>
697 2089 899 2159 universam
928 2085 977 2158 ita
1005 2087 1074 2157 sihi
1102 2085 1224 2176 fingit,

108 2208 166 2284 ut,
203 2203 362 2292 neglecta
389 2202 582 2293 singularis
611 2205 733 2275 formae
762 2202 1022 2285 observatione,
1056 2201 1225 2272 humani-

108 2323 215 2387 tatem
247 2335 289 2387 en
316 2317 453 2408 integro
475 2326 586 2401 creet,
610 2318 655 2389 ad
684 2313 1225 2408 enernptarldeae,autpotii1s
1250 2317 1256 2327 '

109 2432 186 2513 Dei,
200 2451 242 2503 ex
259 2451 344 2522 quo,
363 2441 534 2523 tanquam
552 2434 729 2524 principio
747 2441 781 2504 et
796 2434 905 2514 iente,
922 2434 1086 2504 oriuntur
1099 2448 1225 2501 omnes

109 2545 198 2620 ideae
218 2554 253 2619 et
276 2567 362 2619 res:

294 2713 379 2762 Come
395 2714 438 2762 dal
454 2716 536 2763 fuoco
550 2716 568 2761 il
582 2716 669 2773 cedde,
687 2728 763 2762 esser
776 2714 866 2762 diviso

295 2793 358 2841 Non
373 2794 447 2856 puo'i
461 2796 504 2842 bei
521 2795 583 2842 dall'
599 2800 709 2875 eterno;
724 2808 738 2842 e
751 2795 777 2865 la
790 2794 844 2841 mia
859 2794 940 2841 stima

295 2874 387 2922 Esalta
403 2875 446 2922 chi
462 2888 496 2923 ne
512 2876 624 2935 scande,
640 2889 654 2922 e
670 2875 731 2922 cuii
747 2875 874 2936 somiglia
888 2873 930 2934 (i).

109 3012 190 3097 Qui,
216 3031 326 3101 quum
348 3012 385 3082 in
406 3019 579 3086 aeternum
601 3019 741 3101 tempos
768 3012 916 3090 taboret,
940 3011 1097 3081 laborem
1118 3025 1222 3078 suum
1311 3028 1314 3034 ’

109 3126 200 3198 eirca
217 3129 368 3199 caducas
388 3148 445 3201 res
466 3130 618 3201 retinere
640 3149 710 3199 non
733 3130 818 3199 vuit.
840 3127 1023 3217 Quidquid
1044 3125 1169 3215 tangit,
1187 3123 1224 3195 id

109 3262 260 3316 summae
280 3246 450 3334 potentiae
469 3253 503 3316 et
523 3246 637 3335 ipsius
659 3243 880 3314 necessitatis
903 3243 1005 3332 signo
1027 3246 1137 3310 notat.

160 3357 332 3431 Praeterea
366 3361 545 3449 platonico
581 3359 768 3429 ideaiismo
794 3357 973 3428 tristitiam
1001 3356 1097 3426 iiiam
1126 3353 1163 3422 in
1186 3370 1225 3423 se

109 3473 284 3564 adjungit,
307 3475 512 3545 christianae
538 3475 738 3564 disciplinae
762 3473 921 3548 insitam,
945 3489 1026 3560 quae
1045 3469 1167 3540 omnia
1186 3469 1224 3539 in

108 3590 265 3678 pejorem
293 3599 428 3679 partem
455 3590 569 3680 rapid.
598 3589 701 3659 Haud
722 3587 823 3658 secus
849 3607 889 3656 ac
917 3586 1045 3657 dilecta
1072 3584 1225 3655 Victoria

108 3704 269 3776 Cotonna
298 3704 365 3799 (i),
401 3724 518 3776 rerum
540 3707 780 3776 humanarum
800 3704 1007 3774 brevitatem
1027 3701 1225 3789 mortisque

108 3822 302 3893 instantem
322 3821 549 3913 praesentiam
571 3811 802 3892 moestissimo
822 3819 932 3888 sentit
950 3813 1018 3909 (5).
1041 3815 1168 3888 Natum
1187 3832 1226 3887 se

140 4021 172 4084 (1)
189 4020 328 4070 Sennetti.
345 4021 368 4069 6.

139 4098 173 4161 (2)
188 4100 223 4149 V.
239 4099 272 4148 V.
289 4099 424 4150 Colonnae
439 4104 559 4149 Stanze:

361 4198 453 4246 Quando
465 4198 522 4238 miro
534 4198 555 4237 la
567 4202 624 4239 terra
637 4200 716 4237 ornate
728 4208 739 4237 c
752 4197 817 4237 helia.

106 4319 119 4329 Δ,
139 4268 173 4330 (3)
188 4269 220 4318 V.
238 4273 388 4319 Centone:

361 4366 418 4418 Ogni
430 4370 484 4407 nato
494 4365 515 4406 la
529 4365 623 4406 terrain
635 4364 701 4406 breve
713 4368 799 4418 aspecta

362 4439 414 4479 D'or
426 4438 449 4478 in
461 4450 486 4479 or
496 4438 635 4489 mancaogni
648 4437 728 4478 mortal
738 4437 842 4480 beliezza.
